<record xmlns='http://www.loc.gov/MARC21/slim'><leader>01301cim a22003732u 4500</leader><controlfield tag='001'>3601232</controlfield><controlfield tag='005'>20151214182818.0</controlfield><controlfield tag='007'>ss|lmnjluz|nuu</controlfield><controlfield tag='008'>991101s1984    nyunnn         l    eng d</controlfield><datafield ind1=' ' ind2=' ' tag='035'><subfield code='a'>(NIC)notisASF8297</subfield></datafield><datafield ind1=' ' ind2=' ' tag='035'><subfield code='a'>3601232</subfield></datafield><datafield ind1=' ' ind2=' ' tag='035'><subfield code='a'>(OCoLC)63897261</subfield></datafield><datafield ind1=' ' ind2=' ' tag='040'><subfield code='a'>NIC</subfield><subfield code='c'>NIC</subfield><subfield code='d'>NIC</subfield><subfield code='d'>NIC</subfield></datafield><datafield ind1='1' ind2=' ' tag='100'><subfield code='a'>Certeau, Michel de.</subfield></datafield><datafield ind1='1' ind2='0' tag='245'><subfield code='a'>Sixteenth and seventeenth century Spanish and French mysticism, part 2</subfield><subfield code='h'>[sound recording]</subfield></datafield><datafield ind1=' ' ind2=' ' tag='260'><subfield code='c'>1984.</subfield></datafield><datafield ind1=' ' ind2=' ' tag='300'><subfield code='a'>2 sound cassettes (120 min.) :</subfield><subfield code='b'>analog, mono.</subfield></datafield><datafield ind1=' ' ind2=' ' tag='500'><subfield code='a'>Recorded in Ithaca, NY by Cornell University.</subfield></datafield><datafield ind1=' ' ind2=' ' tag='500'><subfield code='a'>Accompanied by: Notes.</subfield></datafield><datafield ind1=' ' ind2=' ' tag='500'><subfield code='a'>Sponsored by: Society for the Humanities.</subfield></datafield><datafield ind1=' ' ind2=' ' tag='518'><subfield code='a'>Lecture, September 19, 1984.</subfield></datafield><datafield ind1=' ' ind2=' ' tag='520'><subfield code='a'>deCerteau discusses the development of mysticism in Spain and France.</subfield></datafield><datafield ind1=' ' ind2='0' tag='650'><subfield code='a'>Mysticism.</subfield></datafield><datafield ind1=' ' ind2='0' tag='651'><subfield code='a'>Spain</subfield><subfield code='x'>History</subfield><subfield code='y'>16th century.</subfield></datafield><datafield ind1=' ' ind2='0' tag='651'><subfield code='a'>Spain</subfield><subfield code='x'>History</subfield><subfield code='y'>17th century.</subfield></datafield><datafield ind1=' ' ind2='0' tag='651'><subfield code='a'>France</subfield><subfield code='x'>History</subfield><subfield code='y'>16th century.</subfield></datafield><datafield ind1=' ' ind2='0' tag='651'><subfield code='a'>France</subfield><subfield code='x'>History</subfield><subfield code='y'>17th century.</subfield></datafield><datafield ind1=' ' ind2='7' tag='648'><subfield code='a'>1500 - 1699</subfield><subfield code='2'>fast</subfield></datafield><datafield ind1=' ' ind2='7' tag='650'><subfield code='a'>Mysticism</subfield><subfield code='2'>fast</subfield><subfield code='0'>(OCoLC)fst01031629</subfield></datafield><datafield ind1=' ' ind2='7' tag='651'><subfield code='a'>France</subfield><subfield code='2'>fast</subfield><subfield code='0'>(OCoLC)fst01204289</subfield></datafield><datafield ind1=' ' ind2='7' tag='651'><subfield code='a'>Spain</subfield><subfield code='2'>fast</subfield><subfield code='0'>(OCoLC)fst01204303</subfield></datafield><datafield ind1='1' ind2=' ' tag='899'><subfield code='a'>CULectures</subfield></datafield><datafield ind1=' ' ind2=' ' tag='905'><subfield code='a'>20000414120000.0</subfield></datafield><datafield ind1='2' ind2=' ' tag='948'><subfield code='a'>20141221</subfield><subfield code='b'>m</subfield><subfield code='d'>batch</subfield><subfield code='e'>lts</subfield><subfield code='x'>addfast</subfield></datafield></record>